@book{2006linux,
  title={Linux 操作系统原理与应用},
  author={陈莉君 and 康华},
  year={2006},
  publisher={清华大学出版社有限公司}
}